@unpublished{sestoft2002,
  title = {{Writing Reports}},
  author = {Peter Sestoft},
  year = {2002},
  note = {{IT University of Copenhagen} (available at
\url{https://www.itu.dk/~sestoft/itu/writing_reports.pdf}; last access
on May 8, 2018)}
}

@unpublished{foerstehjaelp2005,
  title = {{Førstehjælp til Rapportskrivning}},
  author = {Rune Andersen and Jon Sporring},
  year = {2005},
  note = {{Department of Computer Science, University of Copenhagen}
(available at \url{http://image.diku.dk/sporring/foerstehjaelp.pdf};
last accessed on May 8, 2018)}
}

@unpublished{julegave1996,
  title = {{Et forsøg på redde jeres rapporter --- eller --- En tidlig julegave}},
  author = {Maz Spork},
  year = {1996},
  note = {{Department of Computer Science, University of Copenhagen}
(available at
\url{http://www.diku.dk/OLD/undervisning/2000f/dat1f/rapportskrivning.ps};
last accessed on May 8, 2018)}
}

@article{kunst2007,
  title = {{Kunsten at vejlede et konstruktionsprojekt}},
  author = {Ken Friis Larsen and Henning Niss},
  year = {2007},
  journal = {{Dansk Universitetspædagogisk Tidsskrift}},
  volume = {2},
  number = {4},
  note = {{At gøre de studerende til studerende} (available at
\url{https://tidsskrift.dk/dut/article/view/5646/4939}; last accessed
on May 8, 2018)}
}
